@article{Monson,
	author = {Monson D.J., Seegmiller H.L., McConnaughet P.K. and Chen Y.S.},
	title = {Comparison of Experiment With Calculations Using Curvature-Corrected Zero and Two Equation Turbulence Models for a Two-Dimensional U-Duct},
	journal = {AIAA Paper},
	volume = {21},
	number = {90-1484},
	year = {1990}
}

@ARTICLE{DirgoLeith,
	author = {Dirgo J., Leith D.},
	title = {Cyclone collection efficiency: comparison of experimental results with theoretical predictions},
	journal = {Aerosol Sci. Tech.},
	volume = {4},
	pages = {410–415},
	year = {1985}
}
@ARTICLE{instructions,
	author = {Ужов В.Н.},
	title = {Циклоны НИИОГАЗ. Руководящие указания по проектированию, изготовлению, монтажу и эксплуатации},
	journal = {Ярославль},
	year = {1970}
}
@ARTICLE{Stairmand,
	author = {Stairmand C.J.},
	title = {The design and performance of cyclone separators},
	journal = {Trans. Inst. Chem. Eng.},
	year = {1951}
}
@ARTICLE{Menter,
	author = {Menter F., Esch T.},
	title = {Elements of Industrial Heat Transfer Prediction},
	journal = {16th Brazilian Congress of Mechanical Engineering (COBEM)},
	year = {Nov. 2001}
}
@ARTICLE{Garbarek,
	author = {Гарбарук А.В.},
	title = {Конспект лекций дисциплины «Течения вязкой жидкости и модели турбулентности: методы расчета турбулентных течений»},
	year = {2010}
}
@ARTICLE{ShurSpallart,
	author = {Spalart P.R., Shur M.L.},
	title = {On the Sensitization of Turbulence Models to Rotation and Curvature},
	journal = {Aerosp. Sci. Technol.},
	volume = {15},
	year = {1997}
}
@ARTICLE{Smirnov,
	author = {Smirnov P.E., Menter F.R.},
	title = {Sensitization of the SST Turbulence Model to Rotation and Curvature by Applying the Spalart–Shur Correction Term},
	journal = {Journ. of Turbomachinery}, 
	volume = {131},
	number = {4},
	year = {2009}
}
@ARTICLE{CC2,
	author = {Wilcox D.C., Chambers T.L.},
	title = {Sreamline Curvature Effects on Turbulent Boundary Layers},
	journal = {AZAA J.},
	year = {1977},
	volume = {15},
	number = {4},
	pages = {574-580}
}
@ARTICLE{CC3,
	author = {Lien F.S., Leschziner M.A.},
	title = {Modeling 2D Separation From a High Lift Aerofoil with a Non-Linear Eddy-Viscosity Model and Second-Moment Closure},
	journal = {Aeronautical J.},
	year = {April 1995},
	pages = {125-144}
}
@ARTICLE{Knight,
	author = {Knight D.D., Saffman P.G.},
	title = {Turbulence Model Predictions for Flows with Significant Mean Stramline Curvature},
	journal = {AZAA-78-258}
}
@ARTICLE{Bradshaw,
	author = {Bradshaw P.},
	title = {Effects of Streamline Curvature on Turbulent Flow},
	journal = {AGARD-AG-169},
	year = {1973}
}
@ARTICLE{Speziale,
	author = {Speziale C.G.},
	title = {Analytical Methods for the Development of Reynolds-Stress Closures in Turbulence},
	journal = {Ann. Rev. Fluid Mech.},
	volume = {23},
	year = {1991},
	pages = {107-157}
}
@ARTICLE{Govindaraju,
	author = {Govindaraju S.P., Saffman P.G.},
	title = {Flow in a Turbulent Trailing Vortex},
	journal = {Phys. Fluids},
	year = {1971}
}
@ARTICLE{OPNFPG,
	title = {OpenFOAM Programmer’s Guide},
	year = {2011}
}
@MISC{openfoam,
	author = {OpenCFD},
	title = {Официальный сайт OpenFOAM},
	howpublished = {\url{http://www.openfoam.com}}
}
@MISC{emissionInfoRussian,
	author = {Росстат},
	title = {Загрязнение окружающей среды в субъектах РФ},
	howpublished = {\url{http://protown.ru/information/hide/2659.html}}
}
@ARTICLE{emissionInfoEurope,
	author = {Wilson A.},
	title = {Cement and Concrete: Environmental Considerations},
	journal = {EBN},
	volume = {2},
	number = {2},
	year = {1993}
}
