@article{Monson,
	author = "D. Monson and H. Seegmiller and P. McConnaughet and Y. Chen",
	title = "Comparison of Experiment With Calculations Using Curvature-Corrected Zero and Two Equation Turbulence Models for a Two-Dimensional U-Duct",
	journal = "AIAA Paper",
	volume = 21,
	number = "90-1484",
	year = 1990
}
@ARTICLE{DirgoLeith,
	author = "J. Dirgo and D. Leith",
	title = "Cyclone collection efficiency: comparison of experimental results with theoretical predictions",
	journal = "Aerosol Sci. Tech.",
	volume = 4,
	pages = "410–415",
	year = 1985
}
@ARTICLE{Stairmand,
	author = "C. Stairmand",
	title = "The design and performance of cyclone separators",
	journal = "Trans. Inst. Chem. Eng.",
	year = 1951
}
@ARTICLE{ShurSpallart,
	author = "P. Spalart and M. Shur",
	title = "On the Sensitization of Turbulence Models to Rotation and Curvature",
	journal = "Aerospace Science Technology",
	volume = 15,
	year = 1997
}
@ARTICLE{Smirnov,
	author = "P. Smirnov and F. Menter",
	title = "Sensitization of the SST Turbulence Model to Rotation and Curvature by Applying the Spalart–Shur Correction Term",
	journal = "Journal of Turbomachinery", 
	volume = 131,
	number = 4,
	year = 2009
}